@misc{ apple:001,
   author = "Apple",
   title = "Datei:acceleration\_axes.jpg",
   year = "2011",
   url = "\url{http://developer.apple.com/library/ios/#documentation/EventHandling/Conceptual/EventHandlingiPhoneOS/MotionEvents/MotionEvents.html}",
   note = "\\\url{http://developer.apple.com/library/ios/#documentation/EventHandling/Conceptual/EventHandlingiPhoneOS/MotionEvents/MotionEvents.html} [Online; Stand 4. Januar 2012]"
 }


@misc{ wiki:001,
   author = "Wikipedia",
   title = "Particle filter --- Wikipedia{,} The Free Encyclopedia",
   year = "2012",
   url = "\url{http://en.wikipedia.org/w/index.php?title=Particle_filter&oldid=477198335}",
   note = "\\\url{http://en.wikipedia.org/w/index.php?title=Particle_filter} [Online; Stand 24 Februar 2012]"
 }
 
 @misc{ wiki:002,
   author = "Wikipedia",
   title = "Gimbal lock --- Wikipedia{,} The Free Encyclopedia",
   year = "2012",
   url = "\url{http://en.wikipedia.org/w/index.php?title=Gimbal_lock&oldid=478135314}",
   note = "\\\url{http://en.wikipedia.org/w/index.php?title=Gimbal_lock} [Online; Stand 24 Februar 2012]"
 }
 
 @misc{ wiki:003,
   author = "Wikipedia",
   title = "Drehmatrix --- Wikipedia{,} Die freie Enzyklop√§die",
   year = "2012",
   url = "\url{http://de.wikipedia.org/w/index.php?title=Drehmatrix&oldid=99490688}",
   note = "\\\url{http://de.wikipedia.org/w/index.php?title=Drehmatrix} [Online; Stand 24. Februar 2012]"
 }
 
 @misc{ paper:001,
   author = "Thomas Koch",
   title = "Rotationen mit Quaternionen in der Computergrafik",
   year = "2008",
   note = "Diplomarbeit, Fachhochschule Gelsenkirchen"
 }
 
  @misc{ wiki:004,
   author = "Wikipedia",
   title = "File:Gimbal lock.png",
   year = "2009",
   url = "\url{http://en.wikipedia.org/wiki/File:Gimbal_lock.png --- Wikipedia{,} The Free Encyclopedia}",
   note = "\\\url{http://en.wikipedia.org/wiki/File:Gimbal_lock.png} [Online; Stand 24. Februar 2012] This file is licensed under the Creative Commons Attribution-Share Alike 3.0 Unported license."
 }